@misc{l1intro,
  title={Introduction: Hardware Trends and List Homomorphism},
  author={Oancea, Cosmin E. and Henriksen, Troels},
  year={2015}
}
@misc{l3InOrder,
  title={Processor Architecture: In-Order Pipelines},
  author={Oancea, Cosmin E. and Henriksen, Troels},
  year={2015}
}
