@misc{l1intro,
  title={Introduction: Hardware Trends and List Homomorphism},
  author={Oancea, Cosmin E. and Henriksen, Troels},
  year={2015}
}
